<record><leader>00000cas a2200000 a 4500</leader><controlfield tag="001">33978209</controlfield><controlfield tag="008">960102d19241934nyuwr ne      0   a0eng c</controlfield><datafield ind1=" " ind2=" " tag="010"><subfield code="a">sn 95071455 </subfield></datafield><datafield ind1=" " ind2=" " tag="040"><subfield code="a">NYS</subfield><subfield code="b">eng</subfield><subfield code="c">NYS</subfield><subfield code="d">OCLCQ</subfield><subfield code="d">NYS</subfield><subfield code="d">OCLCQ</subfield><subfield code="d">OCLCO</subfield></datafield><datafield ind1="1" ind2=" " tag="029"><subfield code="a">AU@</subfield><subfield code="b">000025900626</subfield></datafield><datafield ind1=" " ind2=" " tag="042"><subfield code="a">pcc</subfield></datafield><datafield ind1=" " ind2=" " tag="043"><subfield code="a">n-us-ny</subfield></datafield><datafield ind1="0" ind2="0" tag="245"><subfield code="a">Rockaway Branch journal.</subfield></datafield><datafield ind1="1" ind2="3" tag="246"><subfield code="a">Far Rockaway journal</subfield></datafield><datafield ind1="1" ind2="3" tag="246"><subfield code="a">Rockaway journal</subfield></datafield><datafield ind1=" " ind2=" " tag="260"><subfield code="a">Lawrence, Long Island, Nassau County, N.Y. :</subfield><subfield code="b">Beegle Pub. Co.,</subfield><subfield code="c">1934.</subfield></datafield><datafield ind1=" " ind2=" " tag="300"><subfield code="a">v.</subfield></datafield><datafield ind1=" " ind2=" " tag="310"><subfield code="a">Weekly</subfield></datafield><datafield ind1="1" ind2=" " tag="362"><subfield code="a">Began in 1924?</subfield></datafield><datafield ind1="0" ind2=" " tag="362"><subfield code="a">-v. 11, no. 2 (Oct. 23, 1934).</subfield></datafield><datafield ind1=" " ind2=" " tag="500"><subfield code="a">"Covering Woodmere, Hewlett, Lawrence and Cedarhurst."</subfield></datafield><datafield ind1=" " ind2=" " tag="588"><subfield code="a">Description based on: Vol. 1, no. 10 (Jan. 2, 1925).</subfield></datafield><datafield ind1=" " ind2="0" tag="651"><subfield code="a">Lawrence (N.Y.)</subfield><subfield code="v">Newspapers.</subfield></datafield><datafield ind1=" " ind2="0" tag="651"><subfield code="a">Woodmere (N.Y.)</subfield><subfield code="v">Newspapers.</subfield></datafield><datafield ind1=" " ind2="0" tag="651"><subfield code="a">Hewlett (N.Y.)</subfield><subfield code="v">Newspapers.</subfield></datafield><datafield ind1=" " ind2="0" tag="651"><subfield code="a">Cedarhurst (N.Y.)</subfield><subfield code="x">Newpspapers.</subfield></datafield><datafield ind1=" " ind2="0" tag="651"><subfield code="a">Inwood (Nassau County, N.Y.)</subfield><subfield code="v">Newspapers.</subfield></datafield><datafield ind1=" " ind2="0" tag="651"><subfield code="a">Nassau County (N.Y.)</subfield><subfield code="v">Newspapers.</subfield></datafield><datafield ind1=" " ind2=" " tag="752"><subfield code="a">United States</subfield><subfield code="b">New York</subfield><subfield code="c">Nassau</subfield><subfield code="d">Lawrence.</subfield></datafield><datafield ind1="0" ind2="0" tag="785"><subfield code="t">Nassau herald (Lawrence, N.Y.)</subfield><subfield code="w">(DLC)sn 95071456</subfield><subfield code="w">(OCoLC)33312769</subfield></datafield></record>